@article{smith2022,
  author = {Smith, John},
  title = {Theoretical Frameworks in Quantum Computing},
  journal = {Journal of Futuristic Physics},
  year = {2022},
  volume = {42},
  number = {3},
  pages = {123-145},
}

@inproceedings{jones2023,
  author = {Jones, Alice},
  title = {Exploring the Limits of Artificial Intelligence},
  booktitle = {Proceedings of the International Conference on Advanced Technologies},
  year = {2023},
  pages = {56-68},
}

@book{brown2021,
  author = {Brown, Robert},
  title = {Adventures in Time Travel},
  publisher = {Quantum Books},
  year = {2021},
}

@phdthesis{miller2024,
  author = {Miller, Emily},
  title = {A Comprehensive Study of Genetic Algorithms},
  school = {University of Computer Science},
  year = {2024},
}

@inproceedings{wilson2022,
  author = {Wilson, Michael},
  title = {Cybersecurity Threats in the Internet of Things},
  booktitle = {Proceedings of the International Symposium on Cybersecurity},
  year = {2022},
  pages = {112-125},
}

@article{chen2023,
  author = {Chen, Linda},
  title = {Applications of Blockchain in Finance},
  journal = {Journal of Financial Technology},
  year = {2023},
  volume = {18},
  number = {4},
  pages = {256-270},
}

@book{martinez2020,
  author = {Martinez, Carlos},
  title = {Space Travel: A Journey into the Unknown},
  publisher = {Galactic Press},
  year = {2020},
}

@inproceedings{kim2024,
  author = {Kim, David},
  title = {Human-Robot Collaboration in Manufacturing},
  booktitle = {Proceedings of the International Conference on Robotics},
  year = {2024},
  pages = {89-102},
}

@article{thompson2021,
  author = {Thompson, Sarah},
  title = {Advancements in Quantum Cryptography},
  journal = {Journal of Cryptographic Research},
  year = {2021},
  volume = {28},
  number = {2},
  pages = {75-88},
}

@phdthesis{wang2023,
  author = {Wang, James},
  title = {Machine Learning Approaches for Predictive Analytics},
  school = {University of Data Science},
  year = {2023},
}
