@book{moonfireelixirs2023,
  author    = {Moonfire, Isabella},
  title     = {Elixir Spectrum: A Comprehensive Guide},
  year      = {2023},
  publisher = {Alchemy Publications},
}

@article{rareingredients2020,
  author    = {Herbology and Potionry Society},
  title     = {Rare Ingredients and Their Alchemical Properties},
  journal   = {Journal of Magical Herbology},
  year      = {2020},
  volume    = {8},
  pages     = {78--92},
}

@inproceedings{potionbrewingtechniques2017,
  author    = {Brewmaster Guild},
  title     = {Optimizing Potion Brewing Techniques},
  booktitle = {Proceedings of the International Congress on Alchemy},
  year      = {2017},
  pages     = {205--218},
}

@book{darkartselixirs2015,
  author    = {Shadowcaster, Mortimer},
  title     = {Elixirs of the Dark Arts},
  year      = {2015},
  publisher = {Forbidden Tomes Press},
}

@phdthesis{personalgrimoires2013,
  author    = {Enchantress, Evangeline},
  title     = {Creating and Safeguarding Personal Grimoires},
  school    = {Arcane Academy},
  year      = {2013},
}
