@book{nightshadeetherealmap2024,
  author    = {Nightshade, Alaric},
  title     = {Ethereal Map: Navigating Otherworldly Dimensions},
  year      = {2024},
  publisher = {Mystic Cartography},
}

@article{astralprojectionmethods2021,
  author    = {Astral Explorers Society},
  title     = {Methods of Astral Projection: A Comparative Analysis},
  journal   = {Journal of Metaphysical Exploration},
  year      = {2021},
  volume    = {20},
  pages     = {150--165},
}

@inproceedings{scryingtechniques2018,
  author    = {Diviners Guild},
  title     = {Mastering Scrying Techniques},
  booktitle = {Proceedings of the Symposium on Divination Arts},
  year      = {2018},
  pages     = {78--93},
}

@book{theoreticalframeworks2020,
  author    = {Cosmic Scholars Consortium},
  title     = {Theoretical Frameworks of Magical Dimensions},
  year      = {2020},
  publisher = {Celestial Publishing},
}

@phdthesis{propheciesanddivination2017,
  author    = {Oracles, Olivia},
  title     = {Unraveling Prophecies: A Study in Divination},
  school    = {Ethereal Institute},
  year      = {2017},
}
