@book{spellweaver2022,
  author    = {Spellweaver, Thaddeus},
  title     = {The Codex of Incantations},
  year      = {2022},
  publisher = {Mystical Press},
}

@article{magiclanguage2021,
  author    = {Mystical Research Group},
  title     = {Deciphering the Language of Magic: A Linguistic Analysis},
  journal   = {Journal of Enchanted Studies},
  year      = {2021},
  volume    = {15},
  pages     = {45--60},
}

@inproceedings{wandmovements2019,
  author    = {Enchanting Scholars Society},
  title     = {Wand Movements: A Comprehensive Study},
  booktitle = {Proceedings of the International Symposium on Magical Arts},
  year      = {2019},
  pages     = {112--125},
}

@book{ancientspellcraft2018,
  author    = {Eldritch, Archibald},
  title     = {Ancient Spellcraft: Unveiling the Secrets of the Past},
  year      = {2018},
  publisher = {Ethereal Books},
}

@phdthesis{linguisticnuances2016,
  author    = {Mystic, Miranda},
  title     = {Linguistic Nuances in Spell Incantations},
  school    = {Arcane University},
  year      = {2016},
}
